
@article{Albouy2014ProSpe,
  title = {From Projected Species Distribution to Food-Web Structure under Climate Change},
  author = {Albouy, Camille and Velez, Laure and Coll, Marta and Colloca, Francesco and Loc'h, Fran{\c c}ois Le and Mouillot, David and Gravel, Dominique},
  year = {2014},
  volume = {20},
  pages = {730--741},
  issn = {1365-2486},
  doi = {10.1111/gcb.12467},
  journal = {Global Change Biology},
  language = {en},
  number = {3}
}

@article{Albouy2019MarFis,
  title = {The Marine Fish Food Web Is Globally Connected},
  author = {Albouy, Camille and Archambault, Philippe and Appeltans, Ward and Ara{\'u}jo, Miguel B. and Beauchesne, David and Cazelles, Kevin and Cirtwill, Alyssa R. and Fortin, Marie-Jos{\'e}e and Galiana, Nuria and Leroux, Shawn J. and Pellissier, Lo{\"i}c and Poisot, Timoth{\'e}e and Stouffer, Daniel B. and Wood, Spencer A. and Gravel, Dominique},
  year = {2019},
  volume = {3},
  pages = {1153--1161},
  issn = {2397-334X},
  doi = {10.1038/s41559-019-0950-y},
  journal = {Nature Ecology \& Evolution},
  number = {8}
}

@article{Araujo2011UsiSpe,
  ids = {arau11usc},
  title = {Using Species Co-Occurrence Networks to Assess the Impacts of Climate Change},
  author = {Ara{\'u}jo, Miguel B. and Rozenfeld, Alejandro and Rahbek, Carsten and Marquet, Pablo A.},
  year = {2011},
  volume = {34},
  pages = {897--908},
  doi = {10.1111/j.1600-0587.2011.06919.x},
  journal = {Ecography},
  number = {6}
}

@article{Bahlai2016PrePla,
  title = {Predicting Plant Attractiveness to Pollinators with Passive Crowdsourcing},
  author = {Bahlai, Christie A. and Landis, Douglas A.},
  year = {2016},
  volume = {3},
  pages = {150677},
  issn = {2054-5703},
  doi = {10.1098/rsos.150677},
  journal = {Royal Society Open Science},
  language = {en},
  number = {6}
}

@article{Baiser2019EcoRul,
  title = {Ecogeographical Rules and the Macroecology of Food Webs},
  author = {Baiser, Benjamin and Gravel, Dominique and Cirtwill, Alyssa R. and Dunne, Jennifer A. and Fahimipour, Ashkaan K. and Gilarranz, Luis J. and Grochow, Joshua A. and Li, Daijiang and Martinez, Neo D. and McGrew, Alicia and Poisot, Timoth{\'e}e and Romanuk, Tamara N. and Stouffer, Daniel B. and Trotta, Lauren B. and Valdovinos, Fernanda S. and Williams, Richard J. and Wood, Spencer A. and Yeakel, Justin D.},
  year = {2019},
  volume = {0},
  issn = {1466-8238},
  doi = {10.1111/geb.12925},
  journal = {Global Ecology and Biogeography},
  language = {en},
  number = {0}
}

@article{Banasek-Richter2004SamEff,
  title = {Sampling Effects and the Robustness of Quantitative and Qualitative Food-Web Descriptors},
  author = {{Bana{\v s}ek-Richter}, Carolin and Cattin, Marie-France and Bersier, Louis-F{\'e}lix},
  year = {2004},
  volume = {226},
  pages = {23--32},
  journal = {J. Theor. Biol.},
  number = {1}
}

@article{Barner2018FunCon,
  title = {Fundamental Contradictions among Observational and Experimental Estimates of Non-Trophic Species Interactions},
  author = {Barner, Allison K. and Coblentz, Kyle E. and Hacker, Sally D. and Menge, Bruce A.},
  year = {2018},
  pages = {n/a-n/a},
  issn = {1939-9170},
  doi = {10.1002/ecy.2133},
  journal = {Ecology},
  language = {en}
}

@article{Bartley2019FooWeb,
  ids = {bartleyFoodWebRewiring2019},
  title = {Food Web Rewiring in a Changing World},
  author = {Bartley, Timothy J. and McCann, Kevin S. and Bieg, Carling and Cazelles, Kevin and Granados, Monica and Guzzo, Matthew M. and MacDougall, Andrew S. and Tunney, Tyler D. and McMeans, Bailey C.},
  year = {2019},
  volume = {3},
  pages = {345--354},
  issn = {2397-334X},
  doi = {10.1038/s41559-018-0772-3},
  journal = {Nature Ecology \& Evolution},
  language = {en},
  number = {3}
}

@article{Bartomeus2016ComFra,
  ids = {BartGrav16,Bartomeus2016ComFraa},
  title = {A Common Framework for Identifying Linkage Rules across Different Types of Interactions},
  author = {Bartomeus, Ignasi and Gravel, Dominique and Tylianakis, Jason M. and Aizen, Marcelo A. and Dickie, Ian A. and {Bernard-Verdier}, Maud},
  year = {2016},
  volume = {30},
  pages = {1894--1903},
  journal = {Functional Ecology},
  number = {12}
}

@article{Beauchesne2016ThiOut,
  title = {Thinking {{Outside}} the {{Box}}\textendash Predicting {{Biotic Interactions}} in {{Data}}-Poor {{Environments}}},
  author = {Beauchesne, David and {Desjardins-Proulx} and Archambault, Philippe and Gravel, Dominique},
  year = {2016},
  volume = {66},
  pages = {333--342},
  journal = {Vie et milieu-life and enVironment},
  number = {3-4}
}

@article{Becker2020PreWil,
  title = {Predicting Wildlife Hosts of Betacoronaviruses for {{SARS}}-{{CoV}}-2 Sampling Prioritization},
  author = {Becker, Daniel J. and Albery, Gregory F. and Sjodin, Anna R. and Poisot, Timoth{\'e}e and Dallas, Tad A. and Eskew, Evan A. and Farrell, Maxwell J. and Guth, Sarah and Han, Barbara A. and Simmons, Nancy B. and Carlson, Colin J.},
  year = {2020},
  pages = {2020.05.22.111344},
  publisher = {{Cold Spring Harbor Laboratory}},
  doi = {10.1101/2020.05.22.111344},
  chapter = {New Results},
  journal = {bioRxiv},
  language = {en}
}

@article{Bersier1997ScaReg,
  title = {Scaling Regions for Food Web Properties},
  author = {Bersier, Louis-F{\'e}lix and Sugihara, George},
  year = {1997},
  volume = {94},
  pages = {1247--1251},
  issn = {0027-8424, 1091-6490},
  doi = {10.1073/pnas.94.4.1247},
  journal = {Proceedings of the National Academy of Sciences},
  language = {en},
  number = {4}
}

@article{Blanchet2020CooNot,
  title = {Co-Occurrence Is Not Evidence of Ecological Interactions},
  author = {Blanchet, F. Guillaume and Cazelles, Kevin and Gravel, Dominique},
  year = {2020},
  publisher = {{Wiley Online Library}},
  journal = {Ecology Letters}
}

@article{Borrett2014RisNet,
  title = {The Rise of {{Network Ecology}}: {{Maps}} of the Topic Diversity and Scientific Collaboration},
  author = {Borrett, Stuart R. and Moody, James and Edelmann, Achim},
  year = {2014},
  volume = {293},
  pages = {111--127},
  doi = {10.1016/j.ecolmodel.2014.02.019},
  journal = {Ecological Modelling}
}

@article{Brose2004UniSpa,
  title = {Unified Spatial Scaling of Species and Their Trophic Interactions},
  author = {Brose, Ulrich and Ostling, Annette and Harrison, Kateri and Martinez, Neo D.},
  year = {2004},
  volume = {428},
  pages = {167--171},
  doi = {10.1038/nature02297},
  journal = {Nature},
  number = {6979}
}

@article{Brousseau2017TraPhy,
  title = {Trait-Matching and Phylogeny as Predictors of Predator-Prey Interactions Involving Ground Beetles},
  author = {Brousseau, Pierre-Marc and Gravel, Dominique and Tanya Handa, I.},
  year = {2017},
  issn = {02698463},
  doi = {10.1111/1365-2435.12943},
  journal = {Functional Ecology},
  language = {en}
}

@article{Bruna2010SciJou,
  title = {Scientific {{Journals}} Can {{Advance Tropical Biology}} and {{Conservation}} by {{Requiring Data Archiving}}},
  author = {Bruna, Emilio M.},
  year = {2010},
  volume = {42},
  pages = {399--401},
  issn = {1744-7429},
  doi = {10.1111/j.1744-7429.2010.00652.x},
  journal = {Biotropica},
  language = {en},
  number = {4}
}

@article{Cameron2019UneGlo,
  title = {Uneven Global Distribution of Food Web Studies under Climate Change},
  author = {Cameron, Erin K. and Sundqvist, Maja K. and Keith, Sally A. and CaraDonna, Paul J. and Mousing, Erik A. and Nilsson, Karin A. and Metcalfe, Daniel B. and Classen, Aim{\'e}e T.},
  year = {2019},
  volume = {10},
  pages = {e02645},
  issn = {2150-8925},
  doi = {10.1002/ecs2.2645},
  journal = {Ecosphere},
  language = {en},
  number = {3}
}

@article{Carlson2019WhaWou,
  ids = {CarlPhil19a},
  title = {What Would It Take to Describe the Global Diversity of Parasites?},
  author = {Carlson, Colin J. and Phillips, Anna J. and Dallas, Tad A. and Alexander, Laura W. and Bansal, Shweta},
  year = {2019},
  pages = {815902},
  doi = {10.1101/815902},
  journal = {bioRxiv},
  language = {en}
}

@article{Chacoff2012EvaSam,
  title = {Evaluating Sampling Completeness in a Desert Plant-Pollinator Network},
  author = {Chacoff, Natacha P. and V{\'a}zquez, Diego P. and Lom{\'a}scolo, Silvia B. and Stevani, Erica L and Dorado, Jimena and Padr{\'o}n, Benigno},
  year = {2012},
  volume = {81},
  pages = {190--200},
  doi = {10.1111/j.1365-2656.2011.01883.x},
  journal = {J. Anim. Ecol.}
}

@article{Collen2008TroBio,
  title = {The {{Tropical Biodiversity Data Gap}}: {{Addressing Disparity}} in {{Global Monitoring}}},
  author = {Collen, Ben and Ram, Mala and Zamin, Tara and McRae, Louise},
  year = {2008},
  volume = {1},
  pages = {75--88},
  issn = {1940-0829},
  doi = {10.1177/194008290800100202},
  journal = {Tropical Conservation Science},
  language = {en},
  number = {2}
}

@article{DallaRiva2015ExpEvo,
  title = {Exploring the Evolutionary Signature of Food Webs' Backbones Using Functional Traits},
  author = {Dalla Riva, Giulio V. and Stouffer, Daniel B.},
  year = {2015},
  volume = {125},
  pages = {446--456},
  doi = {10.1111/oik.02305},
  journal = {Oikos},
  number = {4}
}

@article{Dallas2017ComTur,
  title = {Compositional Turnover in Host and Parasite Communities Does Not Change Network Structure},
  author = {Dallas, Tad and Poisot, Timoth{\'e}e},
  year = {2017},
  pages = {n/a-n/a},
  issn = {1600-0587},
  doi = {10.1111/ecog.03514},
  journal = {Ecography},
  language = {en}
}

@article{Dallas2017PreCry,
  title = {Predicting Cryptic Links in Host-Parasite Networks},
  author = {Dallas, Tad and Park, Andrew W. and Drake, John M.},
  year = {2017},
  volume = {13},
  pages = {e1005557},
  issn = {1553-7358},
  doi = {10.1371/journal.pcbi.1005557},
  journal = {PLOS Computational Biology},
  number = {5}
}

@article{Dalsgaard2013HisCli,
  ids = {dals13hci},
  title = {Historical Climate-Change Influences Modularity and Nestedness of Pollination Networks},
  author = {Dalsgaard, Bo and Tr{\o}jelsgaard, Kristian and Mart{\'i}n Gonz{\'a}lez, Ana M. and {Nogu{\'e}s-Bravo}, David and Ollerton, Jeff and Petanidou, Theodora and Sandel, Brody and Schleuning, Matthias and Wang, Zhiheng and Rahbek, Carsten and Sutherland, William J. and Svenning, Jens-Christian and Olesen, Jens M.},
  year = {2013},
  volume = {36},
  pages = {1331--1340},
  doi = {10.1111/j.1600-0587.2013.00201.x},
  journal = {Ecography},
  number = {12}
}

@article{Dalsgaard2017OppLat,
  title = {Opposed Latitudinal Patterns of Network-Derived and Dietary Specialization in Avian Plant-Frugivore Interaction Systems},
  author = {Dalsgaard, Bo and Schleuning, Matthias and Maruyama, Pietro K. and Dehling, D. Matthias and Sonne, Jesper and {Vizentin-Bugoni}, Jeferson and Zanata, Thais B. and Fjelds{\aa}, Jon and {B{\"o}hning-Gaese}, Katrin and Rahbek, Carsten},
  year = {2017},
  pages = {n/a-n/a},
  issn = {1600-0587},
  doi = {10.1111/ecog.02604},
  journal = {Ecography},
  language = {en}
}

@article{Damien2019PrePhe,
  title = {Prey-Predator Phenological Mismatch under Climate Change},
  author = {Damien, Maxime and Tougeron, K{\'e}vin},
  year = {2019},
  issn = {2214-5745},
  doi = {10.1016/j.cois.2019.07.002},
  journal = {Current Opinion in Insect Science}
}

@article{Delmas2018AnaEco,
  title = {Analysing Ecological Networks of Species Interactions},
  author = {Delmas, Eva and Besson, Mathilde and Brice, Marie-H{\'e}l{\`e}ne and Burkle, Laura A. and Dalla Riva, Giulio V. and Fortin, Marie-Jos{\'e}e and Gravel, Dominique and Guimar{\~a}es, Paulo R. and Hembry, David H. and Newman, Erica A. and Olesen, Jens M. and Pires, Mathias M. and Yeakel, Justin D. and Poisot, Timoth{\'e}e},
  year = {2018},
  pages = {112540},
  issn = {14647931},
  doi = {10.1111/brv.12433},
  journal = {Biological Reviews},
  language = {en}
}

@article{Desjardins-Proulx2017EcoInt,
  title = {Ecological Interactions and the {{Netflix}} Problem},
  author = {{Desjardins-Proulx}, Philippe and Laigle, Idaline and Poisot, Timoth{\'e}e and Gravel, Dominique},
  year = {2017},
  volume = {5},
  doi = {10.7717/peerj.3644},
  journal = {PeerJ},
  number = {e3644}
}

@article{Devictor2012DifCli,
  title = {Differences in the Climatic Debts of Birds and Butterflies at a Continental Scale},
  author = {Devictor, Vincent and {van Swaay}, Chris and Brereton, Tom and Brotons, Llu{\'i}s and Chamberlain, Dan and Heli{\"o}l{\"a}, Janne and Herrando, Sergi and Julliard, Romain and Kuussaari, Mikko and Lindstr{\"o}m, {\AA}ke and Reif, Ji{\v r}{\'i} and Roy, David B. and Schweiger, Oliver and Settele, Josef and Stefanescu, Constant{\'i} and Van Strien, Arco and Van Turnhout, Chris and Vermouzek, Zden{\v e}k and WallisDeVries, Michiel and Wynhoff, Irma and Jiguet, Fr{\'e}d{\'e}ric},
  year = {2012},
  volume = {2},
  pages = {121--124},
  issn = {1758-6798},
  doi = {10.1038/nclimate1347},
  journal = {Nature Climate Change},
  language = {en},
  number = {2}
}

@article{Dietze2018IteNea,
  title = {Iterative Near-Term Ecological Forecasting: {{Needs}}, Opportunities, and Challenges},
  author = {Dietze, Michael C. and Fox, Andrew and {Beck-Johnson}, Lindsay M. and Betancourt, Julio L. and Hooten, Mevin B. and Jarnevich, Catherine S. and Keitt, Timothy H. and Kenney, Melissa A. and Laney, Christine M. and Larsen, Laurel G. and Loescher, Henry W. and Lunch, Claire K. and Pijanowski, Bryan C. and Randerson, James T. and Read, Emily K. and Tredennick, Andrew T. and Vargas, Rodrigo and Weathers, Kathleen C. and White, Ethan P.},
  year = {2018},
  pages = {201710231},
  issn = {0027-8424, 1091-6490},
  doi = {10.1073/pnas.1710231115},
  journal = {Proceedings of the National Academy of Sciences},
  language = {en}
}

@article{Eitzinger2019AssCha,
  title = {Assessing Changes in Arthropod Predator\textendash Prey Interactions through {{DNA}}-Based Gut Content Analysis\textemdash Variable Environment, Stable Diet},
  author = {Eitzinger, Bernhard and Abrego, Nerea and Gravel, Dominique and Huotari, Tea and Vesterinen, Eero J. and Roslin, Tomas},
  year = {2019},
  volume = {28},
  pages = {266--280},
  issn = {1365-294X},
  doi = {10.1111/mec.14872},
  journal = {Molecular Ecology},
  language = {en},
  number = {2}
}

@article{Evans2016MerDna,
  ids = {EvanKits16},
  title = {Merging {{DNA}} Metabarcoding and Ecological Network Analysis to Understand and Build Resilient Terrestrial Ecosystems},
  author = {Evans, Darren M. and Kitson, James J. N. and Lunt, David H. and Straw, Nigel A. and Pocock, Michael J. O.},
  editor = {Poisot, Timoth{\'e}e},
  year = {2016},
  volume = {30},
  pages = {1904--1916},
  issn = {02698463},
  doi = {10.1111/1365-2435.12659},
  journal = {Functional Ecology},
  language = {en},
  number = {12}
}

@article{Fick2017Wor2N,
  title = {{{WorldClim}} 2: New 1-Km Spatial Resolution Climate Surfaces for Global Land Areas},
  author = {Fick, Stephen E. and Hijmans, Robert J.},
  year = {2017},
  pages = {n/a-n/a},
  issn = {1097-0088},
  doi = {10.1002/joc.5086},
  journal = {International Journal of Climatology},
  language = {en}
}

@article{Giannini2017ProCli,
  title = {Projected Climate Change Threatens Pollinators and Crop Production in {{Brazil}}},
  author = {Giannini, Tereza Cristina and Costa, Wilian Fran{\c c}a and Cordeiro, Guaraci Duran and {Imperatriz-Fonseca}, Vera Lucia and Saraiva, Antonio Mauro and Biesmeijer, Jacobus and Garibaldi, Lucas Alejandro},
  year = {2017},
  volume = {12},
  pages = {e0182274},
  issn = {1932-6203},
  doi = {10.1371/journal.pone.0182274},
  journal = {PLOS ONE},
  language = {en},
  number = {8}
}

@article{Gibson2011SamMet,
  title = {Sampling Method Influences the Structure of Plant\textendash Pollinator Networks},
  author = {Gibson, Rachel H. and Knott, Ben and Eberlein, Tim and Memmott, Jane},
  year = {2011},
  volume = {120},
  pages = {822--831},
  issn = {1600-0706},
  doi = {10.1111/j.1600-0706.2010.18927.x},
  journal = {Oikos},
  language = {en},
  number = {6}
}

@article{Gonzalez2020ScaBio,
  title = {Scaling-up Biodiversity-Ecosystem Functioning Research},
  author = {Gonzalez, Andrew and Germain, Rachel M. and Srivastava, Diane S. and Filotas, Elise and Dee, Laura E. and Gravel, Dominique and Thompson, Patrick L. and Isbell, Forest and Wang, Shaopeng and K{\'e}fi, Sonia and Montoya, Jose and Zelnik, Yuval R. and Loreau, Michel},
  year = {2020},
  volume = {23},
  pages = {757--776},
  issn = {1461-0248},
  doi = {10.1111/ele.13456},
  journal = {Ecology Letters},
  language = {en},
  number = {4}
}

@article{Gravel2013InfFoo,
  title = {Inferring Food Web Structure from Predator-Prey Body Size Relationships},
  author = {Gravel, Dominique and Poisot, Timoth{\'e}e and Albouy, Camille and Velez, Laure and Mouillot, David},
  editor = {Freckleton, Robert},
  year = {2013},
  volume = {4},
  pages = {1083--1090},
  issn = {2041210X},
  doi = {10.1111/2041-210X.12103},
  journal = {Methods in Ecology and Evolution},
  language = {en},
  number = {11}
}

@article{Gravel2018BriElt,
  title = {Bringing {{Elton}} and {{Grinnell}} Together: A Quantitative Framework to Represent the Biogeography of Ecological Interaction Networks},
  author = {Gravel, Dominique and Baiser, Benjamin and Dunne, Jennifer A. and Kopelke, Jens-Peter and Martinez, Neo D. and Nyman, Tommi and Poisot, Timoth{\'e}e and Stouffer, Daniel B. and Tylianakis, Jason M. and Wood, Spencer A. and Roslin, Tomas},
  year = {2018},
  volume = {0},
  issn = {1600-0587},
  doi = {10.1111/ecog.04006},
  journal = {Ecography},
  language = {en},
  number = {0}
}

@article{Guiden2019PrePre,
  title = {Predator\textendash{{Prey Interactions}} in the {{Anthropocene}}: {{Reconciling Multiple Aspects}} of {{Novelty}}},
  author = {Guiden, Peter W. and Bartel, Savannah L. and Byer, Nathan W. and Shipley, Amy A. and Orrock, John L.},
  year = {2019},
  volume = {0},
  issn = {0169-5347},
  doi = {10.1016/j.tree.2019.02.017},
  journal = {Trends in Ecology \& Evolution},
  language = {English},
  number = {0}
}

@article{Guimaraes2020StrEco,
  title = {The {{Structure}} of {{Ecological Networks Across Levels}} of {{Organization}}},
  author = {Guimar{\~a}es, Paulo R.},
  year = {2020},
  volume = {51},
  pages = {433--460},
  doi = {10.1146/annurev-ecolsys-012220-120819},
  journal = {Annual Review of Ecology, Evolution, and Systematics},
  number = {1}
}

@article{Heleno2014EcoNet,
  title = {Ecological Networks: Delving into the Architecture of Biodiversity},
  author = {Heleno, Ruben and Garcia, Cristina and Jordano, Pedro and Traveset, Anna and G{\'o}mez, Jos{\'e} Maria and Bl{\"u}thgen, Nico and Memmott, Jane and Moora, Mari and Cerdeira, Jorge and {Rodr{\'i}guez-Echeverr{\'i}a}, Susana and Freitas, Helena and Olesen, Jens M.},
  year = {2014},
  volume = {10},
  issn = {1744-9561},
  doi = {10.1098/rsbl.2013.1000},
  journal = {Biology Letters},
  number = {1},
  pmcid = {PMC3917341}
}

@article{Hortal2015SevSho,
  title = {Seven {{Shortfalls}} That {{Beset Large}}-{{Scale Knowledge}} of {{Biodiversity}}},
  author = {Hortal, Joaqu{\'i}n and {de Bello}, Francesco and {Diniz-Filho}, Jos{\'e} Alexandre F. and Lewinsohn, Thomas M. and Lobo, Jorge M. and Ladle, Richard J.},
  year = {2015},
  volume = {46},
  pages = {523--549},
  doi = {10.1146/annurev-ecolsys-112414-054400},
  journal = {Annual Review of Ecology, Evolution, and Systematics},
  number = {1}
}

@article{Hui2019HowInv,
  title = {How to {{Invade}} an {{Ecological Network}}},
  author = {Hui, Cang and Richardson, David M.},
  year = {2019},
  volume = {34},
  pages = {121--131},
  issn = {0169-5347},
  doi = {10.1016/j.tree.2018.11.003},
  journal = {Trends in Ecology \& Evolution},
  number = {2}
}

@book{Jordano2013MutNet,
  title = {Mutualistic {{Networks}}},
  author = {Jordano, Pedro and Bascompte, Jordi},
  year = {2013},
  publisher = {{Princeton Univ Press}},
  isbn = {978-0-691-13126-9}
}

@article{Jordano2016ChaEco,
  title = {Chasing {{Ecological Interactions}}},
  author = {Jordano, Pedro},
  year = {2016},
  volume = {14},
  pages = {e1002559},
  issn = {1545-7885},
  doi = {10.1371/journal.pbio.1002559},
  journal = {PLOS Biol},
  number = {9}
}

@article{Jordano2016SamNet,
  ids = {Jord16a},
  title = {Sampling Networks of Ecological Interactions},
  author = {Jordano, Pedro},
  editor = {Stouffer, Daniel},
  year = {2016},
  volume = {30},
  pages = {1883--1893},
  issn = {02698463},
  doi = {10.1111/1365-2435.12763},
  journal = {Functional Ecology},
  language = {en},
  number = {12}
}

@article{Kemp2017InvAnt,
  ids = {KempEvan17},
  title = {Invariant Antagonistic Network Structure despite High Spatial and Temporal Turnover of Interactions},
  author = {Kemp, Jurene E. and Evans, Darren M. and Augustyn, Willem J. and Ellis, Allan G.},
  year = {2017},
  pages = {n/a-n/a},
  issn = {1600-0587},
  doi = {10.1111/ecog.02150},
  journal = {Ecography},
  language = {en}
}

@book{Loreau2010PopEco,
  title = {From {{Populations}} to {{Ecosystems}}},
  author = {Loreau, Michel},
  year = {2010},
  publisher = {{Princeton University Press}},
  isbn = {978-0-691-12270-0},
  language = {en},
  series = {Monographs in Population Biology}
}

@article{Losapio2017ResPla,
  title = {Resistance of Plant\textendash Plant Networks to Biodiversity Loss and Secondary Extinctions Following Simulated Environmental Changes},
  author = {Losapio, Gianalberto and Sch{\"o}b, Christian},
  year = {2017},
  volume = {31},
  pages = {1145--1152},
  issn = {1365-2435},
  doi = {10.1111/1365-2435.12839},
  journal = {Functional Ecology},
  language = {en},
  number = {5}
}

@article{MacDonald2020RevLin,
  title = {Revisiting the {{Links}}-{{Species Scaling Relationship}} in {{Food Webs}}},
  author = {MacDonald, Arthur Andrew Meahan and Banville, Francis and Poisot, Timoth{\'e}e},
  year = {2020},
  volume = {0},
  publisher = {{Elsevier}},
  issn = {2666-3899},
  doi = {10.1016/j.patter.2020.100079},
  journal = {Patterns},
  language = {English},
  number = {0}
}

@article{Magrach2017PlaNet,
  title = {Plant-Pollinator Networks in Semi-Natural Grasslands Are Resistant to the Loss of Pollinators during Blooming of Mass-Flowering Crops},
  author = {Magrach, Ainhoa and Holzschuh, Andrea and Bartomeus, Ignasi and Riedinger, Verena and Roberts, Stuart P.M. and Rundl{\"o}f, Maj and Vuji{\'c}, Ante and Wickens, Jennifer B. and Wickens, Victoria J. and Bommarco, Riccardo and {Gonz{\'a}lez-Varo}, Juan P. and Potts, Simon G. and Smith, Henrik G. and {Steffan-Dewenter}, Ingolf and Vil{\`a}, Montserrat},
  year = {2017},
  pages = {n/a-n/a},
  issn = {1600-0587},
  doi = {10.1111/ecog.02847},
  journal = {Ecography},
  language = {en}
}

@article{Makiola2019KeyQue,
  title = {Key Questions for Next-Generation Biomonitoring},
  author = {Makiola, Andreas and Compson, Zacchaeus Greg and Baird, Donald and Barnes, Matthew A. and Boerlijst, Sam Philip and Bouchez, Agn{\`e}s and Brennan, Georgina and Bush, Alex and Canard, Elsa and Cordier, Tristan and Creer, Simon and Curry, Allen and David, Patrice and Dumbrell, Alex and Gravel, Dominique and Hajibabaei, Mehrdad and Hayden, Brian and {van der Hoorn}, Berry and Jarne, Philippe and Jones, Iwan and Karimi, Battle and Keck, Francois and Kelly, Martyn and Knot, Ineke and Krol, Louie and Massol, Francois and Monk, Wendy and Murphy, Kevin and Pawlowski, Jan and Poisot, Timoth{\'e}e and Porter, Teresita and Randall, Kate and Ransome, Emma and Ravign{\'e}, Virginie and Raybould, Alan and Robin, Stephane and Schrama, Maarten and Schatz, Bertrand and {Tamaddoni-Nezhad}, Alireza and Trimbos, Krijn Baptist and Vacher, Corinne and Vasselon, Valentin and Wood, Susie Amy and Woodward, Guy and Bohan, David Andrew},
  year = {2019},
  volume = {7},
  issn = {2296-665X},
  doi = {10.3389/fenvs.2019.00197},
  journal = {Frontiers in Environmental Science},
  language = {English}
}

@article{Martin-Gonzalez2015MacPhy,
  title = {The Macroecology of Phylogenetically Structured Hummingbird\textendash Plant Networks},
  author = {{Mart{\'i}n-Gonz{\'a}lez}, Ana M. and Dalsgaard, Bo and Nogu{\'e}s-Bravo, David and Graham, Catherine H. and Schleuning, Matthias and Maruyama, Pietro K. and Abrahamczyk, Stefan and Alarc{\'o}n, Ruben and Araujo, Andr{\'e}a C. and Ara{\'u}jo, Francielle P. and de Azevedo, Severino Mendes and Baquero, Andrea C. and Cotton, Peter A. and Ingversen, Tanja Toftemark and Kohler, Glauco and Lara, Carlos and Las-Casas, Flor Maria Guedes and Machado, Adriana O. and Machado, Caio Graco and Maglianesi, Mar{\'i}a Alejandra and McGuire, Jimmy A. and Moura, Alan Cerqueira and Oliveira, Genilda M. and Oliveira, Paulo E. and Ornelas, Juan Francisco and Rodrigues, Licl{\'e}ia da Cruz and Rosero-Lasprilla, Liliana and Rui, Ana M. and Sazima, Marlies and Timmermann, Allan and Varassin, Isabela Galarda and Vizentin-Bugoni, Jeferson and Wang, Zhiheng and Watts, Stella and Rahbek, Carsten and Martinez, Neo D.},
  year = {2015},
  volume = {24},
  pages = {1212--1224},
  issn = {1466-8238},
  doi = {10.1111/geb.12355},
  journal = {Global Ecology and Biogeography},
  language = {en},
  number = {11}
}

@article{Mauthner2013OpeAcc,
  title = {Open {{Access Digital Data Sharing}}: {{Principles}}, {{Policies}} and {{Practices}}},
  author = {Mauthner, Natasha Susan and Parry, Odette},
  year = {2013},
  volume = {27},
  pages = {47--67},
  issn = {0269-1728},
  doi = {10.1080/02691728.2012.760663},
  journal = {Social Epistemology},
  number = {1}
}

@article{Michener2015TenSim,
  title = {Ten {{Simple Rules}} for {{Creating}} a {{Good Data Management Plan}}},
  author = {Michener, William K.},
  year = {2015},
  volume = {11},
  pages = {e1004525},
  issn = {1553-7358},
  doi = {10.1371/journal.pcbi.1004525},
  journal = {PLOS Comput Biol},
  number = {10}
}

@article{Mora2018IdeCom,
  title = {Identifying a Common Backbone of Interactions Underlying Food Webs from Different Ecosystems},
  author = {Mora, Bernat Bramon and Gravel, Dominique and Gilarranz, Luis J. and Poisot, Timoth{\'e}e and Stouffer, Daniel B.},
  year = {2018},
  volume = {9},
  pages = {2603},
  issn = {2041-1723},
  doi = {10.1038/s41467-018-05056-0},
  journal = {Nature Communications},
  language = {en},
  number = {1}
}

@article{Morales-Castilla2015InfBio,
  ids = {mora15ibi},
  title = {Inferring Biotic Interactions from Proxies},
  author = {{Morales-Castilla}, Ignacio and Matias, Miguel G. and Gravel, Dominique and Ara{\'u}jo, Miguel B.},
  year = {2015},
  volume = {30},
  pages = {347--356},
  doi = {10.1016/j.tree.2015.03.014},
  journal = {Trends in Ecology \& Evolution},
  number = {6},
  owner = {tpoisot}
}

@article{Muscente2018QuaEco,
  title = {Quantifying Ecological Impacts of Mass Extinctions with Network Analysis of Fossil Communities},
  author = {Muscente, A. D. and Prabhu, Anirudh and Zhong, Hao and Eleish, Ahmed and Meyer, Michael B. and Fox, Peter and Hazen, Robert M. and Knoll, Andrew H.},
  year = {2018},
  pages = {201719976},
  issn = {0027-8424, 1091-6490},
  doi = {10.1073/pnas.1719976115},
  journal = {Proceedings of the National Academy of Sciences},
  language = {en}
}

@article{Nenzen2014Imp850,
  title = {The {{Impact}} of 850,000 {{Years}} of {{Climate Changes}} on the {{Structure}} and {{Dynamics}} of {{Mammal Food Webs}}},
  author = {Nenz{\'e}n, Hedvig K. and Montoya, Daniel and Varela, Sara},
  year = {2014},
  volume = {9},
  pages = {e106651},
  issn = {1932-6203},
  doi = {10.1371/journal.pone.0106651},
  journal = {PLOS ONE},
  language = {en},
  number = {9}
}

@article{Pellissier2017ComSpe,
  title = {Comparing Species Interaction Networks along Environmental Gradients},
  author = {Pellissier, Lo{\"i}c and Albouy, Camille and Bascompte, Jordi and Farwig, Nina and Graham, Catherine and Loreau, Michel and Maglianesi, Maria Alejandra and Meli{\'a}n, Carlos J. and Pitteloud, Camille and Roslin, Tomas and Rohr, Rudolf and Saavedra, Serguei and Thuiller, Wilfried and Woodward, Guy and Zimmermann, Niklaus E. and Gravel, Dominique},
  year = {2017},
  issn = {1469-185X},
  doi = {10.1111/brv.12366},
  journal = {Biological Reviews of the Cambridge Philosophical Society},
  language = {eng}
}

@article{Pocock2015BioRec,
  title = {The {{Biological Records Centre}}: A Pioneer of Citizen Science},
  author = {Pocock, Michael J. O. and Roy, Helen E. and Preston, Chris D. and Roy, David B.},
  year = {2015},
  volume = {115},
  pages = {475--493},
  issn = {0024-4066},
  doi = {10.1111/bij.12548},
  journal = {Biological Journal of the Linnean Society},
  language = {en},
  number = {3}
}

@article{Poisot2012DisSpe,
  title = {The Dissimilarity of Species Interaction Networks},
  author = {Poisot, Timoth{\'e}e and Canard, Elsa and Mouillot, David and Mouquet, Nicolas and Gravel, Dominique},
  year = {2012},
  volume = {15},
  pages = {1353--1361},
  issn = {1461023X},
  doi = {10.1111/ele.12002},
  journal = {Ecology Letters},
  language = {ENG},
  number = {12}
}

@article{Poisot2015SpeWhy,
  ids = {PoisStou15},
  title = {Beyond Species: Why Ecological Interaction Networks Vary through Space and Time},
  author = {Poisot, Timoth{\'e}e and Stouffer, Daniel B. and Gravel, Dominique},
  year = {2015},
  volume = {124},
  pages = {243--251},
  issn = {00301299},
  doi = {10.1111/oik.01719},
  journal = {Oikos},
  language = {en},
  number = {3}
}

@article{Poisot2016DesUnd,
  ids = {PoisStou16},
  title = {Describe, Understand and Predict: Why Do We Need Networks in Ecology?},
  author = {Poisot, Timoth{\'e}e and Stouffer, Daniel B. and K{\'e}fi, Sonia},
  year = {2016},
  volume = {30},
  pages = {1878--1882},
  issn = {1365-2435},
  doi = {10.1111/1365-2435.12799},
  journal = {Functional Ecology},
  language = {en},
  number = {12}
}

@article{Poisot2016ManMak,
  title = {Mangal - Making Ecological Network Analysis Simple},
  author = {Poisot, Timoth{\'e}e and Baiser, Benjamin and Dunne, Jennifer A. and K{\'e}fi, Sonia and Massol, Fran{\c c}ois and Mouquet, Nicolas and Romanuk, Tamara N. and Stouffer, Daniel B. and Wood, Spencer A. and Gravel, Dominique},
  year = {2016},
  volume = {39},
  pages = {384--390},
  issn = {09067590},
  doi = {10.1111/ecog.00976},
  journal = {Ecography},
  language = {en},
  number = {4}
}

@article{Poisot2016SynDat,
  title = {Synthetic Datasets and Community Tools for the Rapid Testing of Ecological Hypotheses},
  author = {Poisot, Timoth{\'e}e and Gravel, Dominique and Leroux, Shawn and Wood, Spencer A. and Fortin, Marie-Jos{\'e}e and Baiser, Benjamin and Cirtwill, Alyssa R. and Ara{\'u}jo, Miguel B. and Stouffer, Daniel B.},
  year = {2016},
  volume = {39},
  pages = {402--408},
  issn = {1600-0587},
  doi = {10.1111/ecog.01941},
  journal = {Ecography},
  language = {en},
  number = {4}
}

@article{Poisot2017HosPar,
  ids = {pois17hpt},
  title = {Hosts, Parasites and Their Interactions Respond to Different Climatic Variables},
  author = {Poisot, Timoth{\'e}e and {Gueveneux-Julien}, Cynthia and Fortin, Marie-Josee and Gravel, Dominique and Legendre, Pierre},
  year = {2017},
  pages = {n/a-n/a},
  doi = {10.1111/geb.12602},
  journal = {Global Ecology and Biogeography}
}

@article{Poisot2019EcoDat,
  title = {Ecological {{Data Should Not Be So Hard}} to {{Find}} and {{Reuse}}},
  author = {Poisot, Timoth{\'e}e and Bruneau, Anne and Gonzalez, Andrew and Gravel, Dominique and {Peres-Neto}, Pedro},
  year = {2019},
  volume = {0},
  issn = {0169-5347},
  doi = {10.1016/j.tree.2019.04.005},
  journal = {Trends in Ecology \& Evolution},
  language = {English},
  number = {0}
}

@article{Poisot2019EcoJl,
  title = {{{EcologicalNetworks}}.Jl - Analysing Ecological Networks},
  author = {Poisot, Timoth{\'e}e and Belisle, Zacharie and Hoebeke, Laura and Stock, Michiel and Szefer, Piotr},
  year = {2019},
  doi = {10.1111/ecog.04310},
  journal = {Ecography},
  language = {eng}
}

@article{Pomeranz2018InfPre,
  title = {Inferring Predator-Prey Interactions in Food Webs},
  author = {Pomeranz, Justin PF and Thompson, Ross M. and Poisot, Timoth{\'e}e and Harding, Jon S.},
  year = {2018},
  volume = {0},
  issn = {2041-210X},
  doi = {10.1111/2041-210X.13125},
  journal = {Methods in Ecology and Evolution},
  language = {en},
  number = {ja}
}

@article{Poulin2010NetAna,
  title = {Network Analysis Shining Light on Parasite Ecology and Diversity},
  author = {Poulin, Robert},
  year = {2010},
  volume = {26},
  pages = {492--498},
  doi = {10.1016/j.pt.2010.05.008},
  journal = {Trends in Parasitology},
  number = {10}
}

@article{Proulx2005NetThi,
  title = {Network Thinking in Ecology and Evolution},
  author = {Proulx, Stephen R. and Promislow, Daniel E. L. and Phillips, Patrick C.},
  year = {2005},
  volume = {20},
  pages = {345--353},
  issn = {0169-5347},
  doi = {10.1016/j.tree.2005.04.004},
  journal = {Trends in Ecology \& Evolution},
  language = {English},
  number = {6}
}

@article{Roy2016FocPla,
  title = {Focal {{Plant Observations}} as a {{Standardised Method}} for {{Pollinator Monitoring}}: {{Opportunities}} and {{Limitations}} for {{Mass Participation Citizen Science}}},
  author = {Roy, Helen E. and Baxter, Elizabeth and Saunders, Aoine and Pocock, Michael J. O.},
  year = {2016},
  volume = {11},
  pages = {e0150794},
  issn = {1932-6203},
  doi = {10.1371/journal.pone.0150794},
  journal = {PLOS ONE},
  language = {en},
  number = {3}
}

@article{Schleuning2014EcoHis,
  title = {Ecological, Historical and Evolutionary Determinants of Modularity in Weighted Seed-Dispersal Networks},
  author = {Schleuning, Matthias and Ingmann, Lili and Strau{\ss}, Rouven and Fritz, Susanne A. and Dalsgaard, Bo and Dehling, D. Matthias and Plein, Michaela and Saavedra, Francisco and Sandel, Brody and Svenning, Jens-Christian and B{\"o}hning-Gaese, Katrin and Dormann, Carsten F.},
  year = {2014},
  volume = {17},
  pages = {454--463},
  issn = {1461-0248},
  doi = {10.1111/ele.12245},
  journal = {Ecology Letters},
  language = {en},
  number = {4}
}

@article{Schleuning2020TraAss,
  title = {Trait-{{Based Assessments}} of {{Climate}}-{{Change Impacts}} on {{Interacting Species}}},
  author = {Schleuning, Matthias and Neuschulz, Eike Lena and Albrecht, J{\"o}rg and Bender, Irene M. A. and Bowler, Diana E. and Dehling, D. Matthias and Fritz, Susanne A. and Hof, Christian and Mueller, Thomas and Nowak, Larissa and Sorensen, Marjorie C. and {B{\"o}hning-Gaese}, Katrin and Kissling, W. Daniel},
  year = {2020},
  volume = {35},
  pages = {319--328},
  publisher = {{Elsevier}},
  issn = {0169-5347},
  doi = {10.1016/j.tree.2019.12.010},
  journal = {Trends in Ecology \& Evolution},
  language = {English},
  number = {4}
}

@article{Stock2017LinFil,
  title = {Linear Filtering Reveals False Negatives in Species Interaction Data},
  author = {Stock, Michiel and Poisot, Timoth{\'e}e and Waegeman, Willem and Baets, Bernard De},
  year = {2017},
  volume = {7},
  pages = {45908},
  issn = {2045-2322},
  doi = {10.1038/srep45908},
  journal = {Scientific Reports},
  language = {en}
}

@article{Strong2014ImpNon,
  title = {Impact of {{Non}}-{{Native Terrestrial Mammals}} on the {{Structure}} of the {{Terrestrial Mammal Food Web}} of {{Newfoundland}}, {{Canada}}},
  author = {Strong, Justin S. and Leroux, Shawn J.},
  year = {2014},
  volume = {9},
  pages = {e106264},
  issn = {1932-6203},
  doi = {10.1371/journal.pone.0106264},
  journal = {PLOS ONE},
  number = {8}
}

@article{Thompson2017DisGov,
  title = {Dispersal Governs the Reorganization of Ecological Networks under Environmental Change},
  author = {Thompson, Patrick L. and Gonzalez, Andrew},
  year = {2017},
  volume = {1},
  pages = {0162},
  issn = {2397-334X},
  doi = {10.1038/s41559-017-0162},
  journal = {Nature Ecology \& Evolution},
  language = {en}
}

@article{Thurman2019TesLin,
  title = {Testing the Link between Species Interactions and Co-Occurrence in a Trophic Network},
  author = {Thurman, Lindsey L. and Barner, Allison K. and Garcia, Tiffany S. and Chestnut, Tara},
  year = {2019},
  volume = {0},
  issn = {1600-0587},
  doi = {10.1111/ecog.04360},
  journal = {Ecography},
  language = {en},
  number = {ja}
}

@article{Trojelsgaard2016EcoNet,
  title = {Ecological Networks in Motion: Micro- and Macroscopic Variability across Scales},
  author = {Tr{\o}jelsgaard, Kristian and Olesen, Jens M.},
  year = {2016},
  volume = {30},
  pages = {1926--1935},
  issn = {1365-2435},
  doi = {10.1111/1365-2435.12710},
  journal = {Functional Ecology},
  language = {en},
  number = {12}
}

@article{Tylianakis2017EcoNet,
  title = {Ecological {{Networks Across Environmental Gradients}}},
  author = {Tylianakis, Jason M. and Morris, Rebecca J.},
  year = {2017},
  volume = {48},
  pages = {25--48},
  doi = {10.1146/annurev-ecolsys-110316-022821},
  journal = {Annual Review of Ecology, Evolution, and Systematics},
  number = {1}
}

@article{Welti2015StrTro,
  title = {Structure of Trophic and Mutualistic Networks across Broad Environmental Gradients},
  author = {Welti, Ellen A. R. and Joern, Anthony},
  year = {2015},
  volume = {5},
  pages = {326--334},
  issn = {2045-7758},
  doi = {10.1002/ece3.1371},
  journal = {Ecology and Evolution},
  language = {eng},
  number = {2},
  pmcid = {PMC4314265}
}

@article{White2019DevAut,
  title = {Developing an Automated Iterative Near-Term Forecasting System for an Ecological Study},
  author = {White, Ethan P. and Yenni, Glenda M. and Taylor, Shawn D. and Christensen, Erica M. and Bledsoe, Ellen K. and Simonis, Juniper L. and Ernest, S. K. Morgan},
  year = {2019},
  volume = {10},
  pages = {332--344},
  issn = {2041-210X},
  doi = {10.1111/2041-210X.13104},
  journal = {Methods in Ecology and Evolution},
  language = {en},
  number = {3}
}

@article{Whittaker1962ClaNat,
  title = {Classification of {{Natural Communities}}},
  author = {Whittaker, Robert H.},
  year = {1962},
  volume = {28},
  pages = {1--239},
  issn = {0006-8101},
  journal = {Botanical Review},
  number = {1}
}

@article{Yeakel2014ColEco,
  title = {Collapse of an Ecological Network in {{Ancient Egypt}}},
  author = {Yeakel, Justin D. and Pires, Mathias M. and Rudolf, Lars and Dominy, Nathaniel J. and Koch, Paul L. and Guimar{\~a}es, Paulo R. and Gross, Thilo},
  year = {2014},
  volume = {111},
  pages = {14472--14477},
  doi = {10.1073/pnas.1408471111},
  journal = {PNAS},
  number = {40}
}

@article{Yenni2019DevMod,
  title = {Developing a Modern Data Workflow for Regularly Updated Data},
  author = {Yenni, Glenda M. and Christensen, Erica M. and Bledsoe, Ellen K. and Supp, Sarah R. and Diaz, Renata M. and White, Ethan P. and Ernest, S. K. Morgan},
  year = {2019},
  volume = {17},
  pages = {e3000125},
  issn = {1545-7885},
  doi = {10.1371/journal.pbio.3000125},
  journal = {PLOS Biology},
  language = {en},
  number = {1}
}

@article{Zanata2017GloPat,
  title = {Global Patterns of Interaction Specialization in Bird\textendash Flower Networks},
  author = {Zanata, Thais B. and Dalsgaard, Bo and Passos, Fernando C. and Cotton, Peter A. and Roper, James J. and Maruyama, Pietro K. and Fischer, Erich and Schleuning, Matthias and Mart{\'i}n Gonz{\'a}lez, Ana M. and {Vizentin-Bugoni}, Jeferson and Franklin, Donald C. and Abrahamczyk, Stefan and Al{\'a}rcon, Ruben and Araujo, Andr{\'e}a C. and Ara{\'u}jo, Francielle P. and de. {Azevedo-Junior}, Severino M. and Baquero, Andrea C. and {B{\"o}hning-Gaese}, Katrin and Carstensen, Daniel W. and Chupil, Henrique and Coelho, Aline G. and Faria, Rog{\'e}rio R. and Ho{\v r}{\'a}k, David and Ingversen, Tanja T. and Jane{\v c}ek, {\v S}t{\v e}p{\'a}n and Kohler, Glauco and Lara, Carlos and {Las-Casas}, Flor M. G. and Lopes, Ariadna V. and Machado, Adriana O. and Machado, Caio G. and Machado, Isabel C. and Maglianesi, Mar{\'i}a A. and Malucelli, Tiago S. and {Mohd-Azlan}, Jayasilan and Moura, Alan C. and Oliveira, Genilda M. and Oliveira, Paulo E. and Ornelas, Juan Francisco and Riegert, Jan and Rodrigues, Licl{\'e}ia C. and {Rosero-Lasprilla}, Liliana and Rui, Ana M. and Sazima, Marlies and Schmid, Baptiste and Sedl{\'a}{\v c}ek, Ond{\v r}ej and Timmermann, Allan and Vollst{\"a}dt, Maximilian G. R. and Wang, Zhiheng and Watts, Stella and Rahbek, Carsten and Varassin, Isabela G.},
  year = {2017},
  volume = {44},
  pages = {1891--1910},
  issn = {1365-2699},
  doi = {10.1111/jbi.13045},
  journal = {Journal of Biogeography},
  language = {en},
  number = {8}
}


